@online{Spotify,
  author = {Ek and Lorentzon},
  title = {Vi måste agera eller bli omsprungna!},
  year = 2016,
  url = {https://medium.com/@SpotifySE/vi-måste-agera-eller-bli-omsprungna-383bb0b808eb},
  urldate = {2017-01-03}
}

@online{VR,
  author={VR},
  title = {Reiknaðu Launin},
  year = 2015,
  url = {https://vr.is/kannanir/launakonnun-2015/reiknadu-launin/},
  urldate={2017-01-28}
}

@online{lon1,
  author = {Lönestatistik.se},
  title = {Programmerare löner},
  url = {http://www.lonestatistik.se/loner.asp/yrke/Programmerare-1001},
  urldate={2017-01-28}
}

@online{lon2,
  author = {Lönestatistik.se},
  title = {Mjukvaruingenjör löner},
  url = {http://www.lonestatistik.se/loner.asp/yrke/Mjukvaruingenjor-9020},
  urldate={2017-01-28}
}

@online{arion,
  author = {Arion banki},
  title = {Gengi - Arion banki},
  year = {2017},
  url = {https://www.arionbanki.is/markadir/gjaldmidlar/gengi/},
  urldate={2017-01-29}
}

@online{grapevine,
  author = {Haukur Már Helgason},
  title = {Iceland: The World’s 4th Most Expensive Country},
  year = {2015},
  url = {http://grapevine.is/news/2015/01/22/iceland-the-worlds-4th-most-expensive-country/},
  urldate={2017-01-29}
}

@online{norden,
  author = {norden.org},
  title = { Atvinnuleyfi og dvalarleyfi í Svíþjóð (e. Work Permits and Residence Permits in Sweden)},
  year = {2016},
  url = {http://www.norden.org/is/hallo-nordurloend/svithjod/vinna-i-svithjod/atvinnuleyfi-og-dvalarleyfi-i-svithjod},
  urldate={2017-01-29}
}

@article{hagstofa,
  title = {Mannfjöldaþróun 2014 (Population development 2014)},
  author = {Hagstofa Íslands},
  journal = {Hagtíðindi},
  pages = {3},
  year = {2015}
}
