@inproceedings{damaschke2015pairs,
  title={Pairs Covered by a Sequence of Sets},
  author={Damaschke, Peter},
  booktitle={Fundamentals of Computation Theory},
  pages={214--226},
  year={2015},
  organization={Springer}
}

